<record><leader>00000cas a22000007a 4500</leader><controlfield tag="001">20750593</controlfield><controlfield tag="008">891208d19601972mauwr ne      0    0eng d</controlfield><datafield ind1=" " ind2=" " tag="010"><subfield code="a">sn 89062250 </subfield></datafield><datafield ind1=" " ind2=" " tag="040"><subfield code="a">MGN</subfield><subfield code="b">eng</subfield><subfield code="c">MGN</subfield><subfield code="d">OCLCQ</subfield></datafield><datafield ind1=" " ind2=" " tag="042"><subfield code="a">msc</subfield></datafield><datafield ind1="0" ind2="0" tag="245"><subfield code="a">Lynn Sunday post.</subfield></datafield><datafield ind1="3" ind2="0" tag="246"><subfield code="a">Lynn daily post</subfield></datafield><datafield ind1=" " ind2=" " tag="260"><subfield code="a">Lynn, Mass. :</subfield><subfield code="b">Citizens Pub. Co.</subfield></datafield><datafield ind1=" " ind2=" " tag="300"><subfield code="a">v.</subfield></datafield><datafield ind1=" " ind2=" " tag="310"><subfield code="a">Weekly</subfield></datafield><datafield ind1="0" ind2=" " tag="362"><subfield code="a">Vol. 1, no. 1 (Feb. 14, 1960)-v. 12, no. 11 (Apr. 30, 1972).</subfield></datafield><datafield ind1=" " ind2=" " tag="500"><subfield code="a">Published daily as: Lynn daily post, Apr. 11-24, 1962.</subfield></datafield><datafield ind1=" " ind2=" " tag="752"><subfield code="a">United States</subfield><subfield code="b">Massachusetts</subfield><subfield code="c">Essex</subfield><subfield code="d">Lynn.</subfield></datafield><datafield ind1="0" ind2="0" tag="785"><subfield code="t">Sunday post (Lynn, Mass.)</subfield><subfield code="w">(DLC)sn 89062265</subfield></datafield></record>